@book{jackson-2012,
  author        = {Jackson, Daniel},
  title         = {Software Abstractions: Logic, Language, and Analysis},
  year          = {2012},
  isbn          = {0262017156},
  publisher     = {The MIT Press}
}
@article{jackson-2002,
  author        = {Jackson, Daniel},
  title         = {Alloy: A Lightweight Object Modelling Notation},
  year          = {2002},
  month         = {4},
  publisher     = {Association for Computing Machinery},
  address       = {New York, NY, USA},
  volume        = {11},
  number        = {2},
  issn          = {1049-331X},
  url           = {https://doi.org/10.1145/505145.505149},
  doi           = {10.1145/505145.505149},
  journal       = {ACM Trans. Software Engineering Methodology},
  pages         = {256â€“290},
  numpages      = {35},
  keywords      = {Z specification language, first-order logic, Object models}
}
@misc{ocf-traversing-transactions,
  author        = {Open Cap Table Coalition},
  title         = {{T}ransaction {T}racing - {O}pen {C}ap {T}able {F}ormat {D}ocumentation},
  howpublished  = {\url{https://open-cap-table-coalition.github.io/Open-Cap-Format-OCF/explainers/TraversingTransactions/}},
  year          = {},
  note          = {[Accessed 06-Jun-2023]}
}
@article{Crafa2022,
  doi           = {10.4204/eptcs.368.2},
  url           = {https://doi.org/10.4204\%2Feptcs.368.2},
  year          = 2022,
  month         = 9,
  publisher     = {Open Publishing Association},
  volume        = {368},
  pages         = {23--42},
  author        = {Silvia Crafa},
  title         = {From Legal Contracts to Legal Calculi: the code-driven normativity},
  journal       = {Electronic Proceedings in Theoretical Computer Science}
}
@inproceedings{TorlakJackson2007,
  author        = "Torlak, Emina and Jackson, Daniel",
  editor        = "Grumberg, Orna and Huth, Michael",
  title         = "Kodkod: A Relational Model Finder",
  booktitle     = "Tools and Algorithms for the Construction and Analysis of Systems",
  year          = "2007",
  publisher     = "Springer Berlin Heidelberg",
  address       = "Berlin, Heidelberg",
  pages         = "632--647",
  isbn          = "978-3-540-71209-1"
}
@techreport{RFC8259,
  title         = {{The JavaScript Object Notation (JSON) Data Interchange Format}},
  author        = {Bray, T.},
  type          = {RFC},
  number        = {8259},
  institution   = {IETF},
  month         = dec,
  year          = 2017,
  url           = {http://tools.ietf.org/rfc/rfc8259.txt}
}
@misc{jsonschemaSchemaComposition,
  author        = {},
  title         = {Schema Composition  Understanding JSON Schema 2020-12 documentation --- json-schema.org},
  howpublished  = {\url{https://json-schema.org/understanding-json-schema/reference/combining.html}},
  year          = {},
  note          = {[Accessed 07-Jun-2023]}
}
@inproceedings{DJLMF,
  author        = {Jackson, Daniel},
  title         = {Lightweight Formal Methods},
  year          = {2001},
  isbn          = {3540417915},
  publisher     = {Springer-Verlag},
  address       = {Berlin, Heidelberg},
  booktitle     = {Proceedings of the International Symposium of Formal Methods Europe on Formal Methods for Increasing Software Productivity},
  pages         = {1},
  series        = {FME '01}
}
@article{Johnson2021,
  doi           = {10.2139/ssrn.3939880},
  url           = {https://doi.org/10.2139/ssrn.3939880},
  year          = {2021},
  publisher     = {Elsevier {BV}},
  author        = {Jeremy Johnson and Izzat Alsmadi},
  title         = {Formal Modeling of Banking Policies using Alloy Analyzer},
  journal       = {{SSRN} Electronic Journal}
}
@article{Carpio2021,
  doi           = {10.2139/ssrn.3939856},
  url           = {https://doi.org/10.2139/ssrn.3939856},
  year          = {2021},
  publisher     = {Elsevier {BV}},
  author        = {Renzo Carpio and Izzat Alsmadi},
  title         = {Websites Security Policies Implementation Using Alloy Analyzer},
  journal       = {{SSRN} Electronic Journal}
}
@article{Chen2006,
  author        = {Chen, Charles and Grisham, Paul and Khurshid, Sarfraz and Perry, Dewayne},
  year          = {2006},
  month         = {01},
  pages         = {},
  title         = {Design and validation of a general security model with the alloy analyzer}
}
@incollection{Podorozhny,
  doi           = {10.1007/978-3-540-73210-5\_26},
  url           = {https://doi.org/10.1007/978-3-540-73210-5\_26},
  publisher     = {Springer Berlin Heidelberg},
  pages         = {501--517},
  author        = {Rodion Podorozhny and Sarfraz Khurshid and Dewayne Perry and Xiaoqin Zhang},
  title         = {Verification of Multi-agent Negotiations Using the Alloy Analyzer},
  booktitle     = {Lecture Notes in Computer Science}
}
@article{Braga2010,
  doi           = {10.1007/s11334-009-0120-5},
  url           = {https://doi.org/10.1007/s11334-009-0120-5},
  year          = {2010},
  month         = feb,
  publisher     = {Springer Science and Business Media {LLC}},
  volume        = {6},
  number        = {1-2},
  pages         = {55--63},
  author        = {Bernardo F. B. Braga and Jo{\~{a}}o Paulo Andrade Almeida and Giancarlo Guizzardi and Alessander B. Benevides},
  title         = {Transforming {OntoUML} into Alloy: towards conceptual model validation using a lightweight formal method},
  journal       = {Innovations in Systems and Software Engineering}
}
@inproceedings{Pezoa2016,
  doi           = {10.1145/2872427.2883029},
  url           = {https://doi.org/10.1145/2872427.2883029},
  year          = {2016},
  month         = apr,
  publisher     = {International World Wide Web Conferences Steering Committee},
  author        = {Felipe Pezoa and Juan L. Reutter and Fernando Suarez and Mart{\'{\i}}n Ugarte and Domagoj Vrgo{\v{c}}},
  title         = {Foundations of {JSON} Schema},
  booktitle     = {Proceedings of the 25th International Conference on World Wide Web}
}
@misc{investopediaOptionPool,
  author        = {},
  title         = {{O}ption {P}ool: {D}efinition, {P}urpose, {H}ow {I}t {W}orks, and {S}tructure --- investopedia.com},
  howpublished  = {\url{https://www.investopedia.com/terms/o/option-pool.asp}},
  year          = {},
  note          = {[Accessed 19-May-2023]}
}
@misc{investopediaExerciseDefinition,
  author        = {},
  title         = {{E}xercise: {D}efinition and {H}ow {I}t {W}orks {W}ith {O}ptions --- investopedia.com},
  howpublished  = {\url{https://www.investopedia.com/terms/e/exercise.asp}},
  year          = {},
  note          = {[Accessed 19-May-2023]}
}
@misc{CartaEqu70:online,
  author        = {},
  title         = {Carta \vert{} Equity Management Solutions},
  howpublished  = {\url{https://carta.com/}},
  month         = {},
  year          = {},
  note          = {(Accessed on 05/23/2023)}
}
@misc{Sharewor68:online,
  author        = {},
  title         = {Shareworks - Equity Compensation Solutions},
  howpublished  = {\url{https://www.shareworks.com/}},
  month         = {},
  year          = {},
  note          = {(Accessed on 05/23/2023)}
}
@misc{LTSEHome63:online,
  author        = {},
  title         = {LTSE \vert{} Home},
  howpublished  = {\url{https://equity.ltse.com/}},
  month         = {},
  year          = {},
  note          = {(Accessed on 05/23/2023)}
}
@misc{Software0:online,
  author        = {},
  title         = {Software and services to organize Africa's startups},
  howpublished  = {\url{https://www.getraise.io/}},
  month         = {},
  year          = {},
  note          = {(Accessed on 05/23/2023)}
}
@misc{DistuEqu4:online,
  author        = {},
  title         = {Distu - Equity Value Unlocked},
  howpublished  = {\url{https://www.distu.com.br/}},
  month         = {},
  year          = {},
  note          = {(Accessed on 05/23/2023)}
}
@misc{500Lines19:online,
  author        = {Kang, Eunsuk and Perez De Rosso, Santiago and Jackson, Daniel},
  title         = {500 Lines or Less - The Same-Origin Policy},
  howpublished  = {\url{https://aosabook.org/en/500L/the-same-origin-policy.html}},
  month         = {},
  year          = {},
  note          = {(Accessed on 05/23/2023)}
}
@article{Milicevic2017,
  doi           = {10.1007/s10703-016-0267-2},
  url           = {https://doi.org/10.1007/s10703-016-0267-2},
  year          = {2017},
  month         = jan,
  publisher     = {Springer Science and Business Media {LLC}},
  volume        = {55},
  number        = {1},
  pages         = {1--32},
  author        = {Aleksandar Milicevic and Joseph P. Near and Eunsuk Kang and Daniel Jackson},
  title         = {Alloy{$\ast$}: a general-purpose higher-order relational constraint solver},
  journal       = {Formal Methods in System Design}
}
@incollection{Arby,
  year          = {2014},
  booktitle     = {Abstract State Machines, Alloy, B, VDM, and Z},
  series        = {Lecture Notes in Computer Science},
  title         = {aRby---An Embedding of Alloy in Ruby},
  publisher     = {Springer Berlin Heidelberg},
  author        = {Milicevic, Aleksandar Erfrati, Ido and Jackson, Daniel}
}

@misc{alloy-case-studies,
  howpublished  = {\url{http://alloytools.org/citations/case-studies.html}},
  title         = {Alloy: Case Studies -- http://alloytools.org/citations/case-studies.html},
}

@misc{octc,
  author        = {},
  title         = {{O}pen {C}ap {T}able {C}oalition ({O}{C}{T}) --- opencaptablecoalition.com},
  howpublished  = {\url{https://www.opencaptablecoalition.com/}},
  year          = {},
  note          = {[Accessed 27-May-2023]}
}

@misc{ocf,
  author        = {},
  title         = {OCT Format -- Open Cap Table Coalition},
  howpublished  = {\url{https://www.opencaptablecoalition.com/format}},
  month         = {},
  year          = {},
  note          = {(Accessed on 05/26/2023)}
}

@misc{schemastoreJSONSchema,
  author        = {},
  title         = {{J}{S}{O}{N} {S}chema {S}tore --- schemastore.org},
  howpublished  = {\url{https://www.schemastore.org/json/}},
  year          = {},
  note          = {[Accessed 27-May-2023]}
}

@misc{jsonschemaImplementations,
  author        = {},
  title         = {{I}mplementations --- json-schema.org},
  howpublished  = {\url{https://json-schema.org/implementations.html}},
  year          = {},
  note          = {[Accessed 27-May-2023]}
}
@book{evans2004ddd,
  added-at      = {2008-01-21T10:45:29.000+0100},
  author        = {Evans, Eric},
  biburl        = {https://www.bibsonomy.org/bibtex/2b613dcc2b969d6659bf549defb6f8dae/juve},
  interhash     = {687d2fb811c16a1c446815bbfae35b8d},
  intrahash     = {b613dcc2b969d6659bf549defb6f8dae},
  keywords      = {ddd design domain driven dsl fluent interface},
  publisher     = {Addison-Wesley},
  timestamp     = {2008-01-21T10:45:29.000+0100},
  title         = {Domain-Driven Design: Tackling Complexity in the Heart of Software},
  year          = 2004
}
@misc{json-schema,
  author        = {},
  title         = {{J}{S}{O}{N} {S}chema --- json-schema.org},
  howpublished  = {\url{https://json-schema.org/}},
  year          = {},
  note          = {[Accessed 10-Jun-2023]}
}
@book{Vaughn,
  author        = {Vernon, Vaughn},
  title         = {Implementing Domain-Driven Design},
  year          = {2013},
  isbn          = {0321834577},
  publisher     = {Addison-Wesley Professional},
  edition       = {1st}
}
@misc{nakamoto2008bitcoin,
  author        = {Satoshi Nakamoto},
  title         = {Bitcoin: A Peer-to-Peer Electronic Cash System},
  year          = {2008},
  month         = {Dec},
  note          = {Accessed: 2015-07-01},
  url           = {https://bitcoin.org/bitcoin.pdf}
}
@misc{opencaptablecoalitionVestingSystem,
  author        = {Open Cap Table Coalition},
  title         = {{V}esting {S}ystem - {O}pen {C}ap {T}able {F}ormat {D}ocumentation},
  howpublished  = {\url{https://open-cap-table-coalition.github.io/Open-Cap-Format-OCF/explainers/VestingTerms/}},
  year          = {},
  note          = {[Accessed 08-Jun-2023]}
}
@misc{kpmgGlobalVenture,
  author        = {Daniel Caines},
  title         = {{G}lobal venture capital investment shatters records --- kpmg.com},
  howpublished  = {\url{https://kpmg.com/xx/en/home/media/press-releases/2022/01/global-venture-capital-annual-investment-shatters-records-following-another-healthy-quarter.html}},
  year          = {},
  note          = {[Accessed 10-Jun-2023]}
}
@book{Metrick,
  title         = "Venture capital and the finance of innovation, third edition",
  author        = "Metrick, A",
  publisher     = "John Wiley \& Sons",
  edition       = 3,
  month         = apr,
  year          = 2021,
  address       = "Nashville, TN"
}
